@abbreviation{API,
  title = {Application {{Programming Interface}}},
  long = {Application Programming Interface},
  prefix = {an\space},
  prefixfirst = {an\space},
  short = {API},
}
